<record><leader>00000cas a2200000 a 4500</leader><controlfield tag="001">38994504</controlfield><controlfield tag="008">980422d19661998vtuwr ne      0    0eng c</controlfield><datafield ind1=" " ind2=" " tag="010"><subfield code="a">sn 98060055 </subfield></datafield><datafield ind1=" " ind2=" " tag="040"><subfield code="a">NVN</subfield><subfield code="b">eng</subfield><subfield code="c">NVN</subfield><subfield code="d">OCLCQ</subfield><subfield code="d">OCLCF</subfield><subfield code="d">OCLCO</subfield></datafield><datafield ind1="1" ind2=" " tag="029"><subfield code="a">AU@</subfield><subfield code="b">000013903927</subfield></datafield><datafield ind1=" " ind2=" " tag="042"><subfield code="a">pcc</subfield></datafield><datafield ind1=" " ind2=" " tag="043"><subfield code="a">n-us-vt</subfield></datafield><datafield ind1="0" ind2="4" tag="245"><subfield code="a">The Rutland tribune.</subfield></datafield><datafield ind1=" " ind2=" " tag="260"><subfield code="a">Rutland, Vt. :</subfield><subfield code="b">Robert W. Maguire</subfield></datafield><datafield ind1=" " ind2=" " tag="300"><subfield code="a">v.</subfield></datafield><datafield ind1=" " ind2=" " tag="310"><subfield code="a">Weekly</subfield></datafield><datafield ind1="1" ind2=" " tag="362"><subfield code="a">Began in 1966?</subfield></datafield><datafield ind1="0" ind2=" " tag="362"><subfield code="a">-Feb. 26, 1998.</subfield></datafield><datafield ind1=" " ind2=" " tag="588"><subfield code="a">Description based on: Jan. 19, 1996.</subfield></datafield><datafield ind1=" " ind2="0" tag="651"><subfield code="a">Rutland (Vt.)</subfield><subfield code="v">Newspapers.</subfield></datafield><datafield ind1=" " ind2="7" tag="655"><subfield code="a">Newspapers.</subfield><subfield code="2">fast</subfield><subfield code="0">(OCoLC)fst01423814</subfield></datafield><datafield ind1=" " ind2="7" tag="651"><subfield code="a">Vermont</subfield><subfield code="z">Rutland.</subfield><subfield code="2">fast</subfield><subfield code="0">(OCoLC)fst01214597</subfield></datafield><datafield ind1=" " ind2=" " tag="752"><subfield code="a">United States</subfield><subfield code="b">Vermont</subfield><subfield code="c">Rutland</subfield><subfield code="d">Rutland.</subfield></datafield><datafield ind1="0" ind2="0" tag="785"><subfield code="t">Rutland shopper</subfield></datafield></record>